<record><leader>00000cas a22000007a 4500</leader><controlfield tag="001">23031300</controlfield><controlfield tag="008">910130d19551972mauwr ne      0    0eng d</controlfield><datafield ind1=" " ind2=" " tag="010"><subfield code="a">sn 89063468 </subfield></datafield><datafield ind1=" " ind2=" " tag="040"><subfield code="a">MGN</subfield><subfield code="b">eng</subfield><subfield code="c">MGN</subfield><subfield code="d">OCLCQ</subfield></datafield><datafield ind1=" " ind2=" " tag="042"><subfield code="a">msc</subfield></datafield><datafield ind1="0" ind2="0" tag="245"><subfield code="a">Town crier of Wilmington.</subfield></datafield><datafield ind1="3" ind2="0" tag="246"><subfield code="a">Advertiser &amp; town crier of Wilmington</subfield></datafield><datafield ind1=" " ind2=" " tag="260"><subfield code="a">Wilmington, Mass. :</subfield><subfield code="b">Wilmington News Co.</subfield></datafield><datafield ind1=" " ind2=" " tag="300"><subfield code="a">v.</subfield></datafield><datafield ind1=" " ind2=" " tag="310"><subfield code="a">Weekly</subfield></datafield><datafield ind1="0" ind2=" " tag="362"><subfield code="a">Vol. 1, no. 1 (Nov. 17, 1955)-v. 30, no. 28 (Jan. 7, 1971) ; 16th year, no. 2 (Jan. 14, 1971)-17th year, no. 29 (July 27, 1972).</subfield></datafield><datafield ind1=" " ind2=" " tag="500"><subfield code="a">Published as: Advertiser &amp; town crier of Wilmington, Jan. 1-Nov. 5, 1959.</subfield></datafield><datafield ind1=" " ind2=" " tag="752"><subfield code="a">United States</subfield><subfield code="b">Massachusetts</subfield><subfield code="c">Middlesex</subfield><subfield code="d">Wilmington.</subfield></datafield><datafield ind1="0" ind2="0" tag="785"><subfield code="t">Town crier Tewksbury-Wilmington (Wilmington, Mass. : 1972)</subfield><subfield code="w">(DLC)sn 89063469</subfield></datafield></record>